2062 3101
800 937 1138 987 PRAEFATIO.

312 1157 410 1188 Urbis
434 1157 562 1186 Romae
593 1157 746 1195 antiquae
776 1157 952 1195 imaginem
979 1157 1103 1194 optime
1129 1161 1159 1185 et
1185 1155 1452 1185 commodissime
1479 1155 1521 1183 ita
1547 1154 1744 1187 adumbrari,

207 1207 241 1232 ut
275 1202 391 1231 rudera
425 1202 559 1240 antiqua
594 1202 768 1240 pingantur
808 1211 870 1230 una
900 1211 974 1230 cum
1011 1200 1246 1239 ichnographia
1279 1199 1504 1229 aedificiorum
1541 1209 1625 1237 quae
1661 1208 1745 1227 nunc

208 1252 290 1281 sunt,
328 1256 425 1275 nemo
452 1247 573 1285 peritus
598 1245 738 1284 negabit.
790 1245 958 1274 liiusmodi
990 1245 1129 1274 formam
1156 1244 1290 1273 modulo
1320 1245 1397 1273 satis
1424 1253 1544 1281 magno
1571 1243 1747 1272 delineavit

208 1295 283 1320 ante
305 1290 365 1319 hos
387 1291 557 1329 sexaginta
581 1294 612 1319 et
636 1290 724 1328 quod
749 1290 889 1319 excurrit
911 1299 1014 1319 annos
1038 1289 1226 1318 Ludox'icus
1249 1288 1373 1318 Canina
1399 1287 1530 1321 (Pz'cmta
1555 1286 1746 1326 topografisa

208 1334 244 1364 dz‘
264 1334 366 1363 Roma
389 1334 508 1369 antica;
534 1335 673 1373 primum
693 1334 780 1363 edita
799 1344 826 1363 a.
850 1335 940 1371 1830,
968 1334 1081 1363 iterum
1100 1344 1126 1362 a.
1151 1334 1242 1370 1842,
1269 1333 1398 1362 tertium
1421 1343 1449 1361 a.
1473 1333 1568 1370 1850;
1596 1331 1747 1361 modulus

210 1384 258 1409 est
287 1388 297 1408 1
317 1388 322 1408 ἰ
341 1379 446 1418 5000),
474 1389 538 1417 quo
564 1388 664 1417 opere
690 1384 846 1417 quantum
873 1379 1108 1408 incrementum
1134 1378 1182 1407 his
1207 1378 1320 1407 studiis
1346 1377 1477 1406 allatum
1503 1377 1552 1409 sit,
1579 1386 1747 1415 exponere

209 1433 489 1462 supervacaneum
515 1423 651 1452 videtur.
693 1422 900 1461 Quicumque
926 1428 1001 1461 post
1027 1423 1185 1452 Caninam
1212 1422 1298 1451 urbis
1323 1422 1468 1460 integrae
1494 1421 1652 1459 imagines
1677 1430 1747 1459 pro-

210 1472 398 1507 posuerunt„
426 1467 674 1506 quodammodo
701 1467 741 1496 ab
765 1478 804 1496 eo
828 1468 983 1505 pendent,
1010 1467 1084 1496 licet
1107 1468 1137 1496 in
1159 1466 1293 1506 singulis
1316 1466 1416 1495 multa
1443 1466 1647 1499 mutaverint,
1675 1475 1748 1494 cum

211 1521 323 1542 recens
353 1516 481 1550 reperta
511 1512 693 1542 inserenda.
721 1511 944 1540 aedificiorum
971 1512 1112 1545 nomina,
1145 1512 1186 1541 de
1212 1511 1329 1550 quibus
1354 1510 1406 1540 1116
1432 1520 1497 1539 11011
1523 1520 1595 1539 raro
1621 1510 1747 1544 erravit,

211 1557 414 1594 corrigenda,
443 1555 522 1585 falsa
545 1562 577 1585 et
598 1556 765 1585 arbitraria
788 1556 874 1585 haud
892 1566 998 1595 pauca
1021 1556 1200 1585 resecanda
1223 1560 1341 1585 essent.
1391 1554 1457 1584 Sed
1475 1554 1746 1593 ichnographiam

211 1600 355 1630 Caninae
381 1601 530 1639 quamvis
554 1611 614 1639 pro
645 1600 704 1629 illis
729 1600 932 1639 temporibus
957 1601 1046 1629 omni
1076 1600 1172 1630 laude
1198 1600 1340 1638 dignam,
1372 1600 1470 1629 hodie
1501 1600 1634 1628 minime
1660 1599 1747 1628 satis-

212 1645 317 1674 sacere
343 1650 601 1674 consentaneum
627 1649 689 1674 est:
716 1645 832 1674 multas
858 1645 944 1674 enim
971 1655 1091 1683 casque
1109 1645 1316 1683 gravissimas
1343 1654 1392 1674 res
1416 1644 1524 1673 edocti
1547 1653 1657 1673 sumus
1683 1653 1748 1672 non

211 1689 317 1719 solum
343 1690 484 1718 virorum
511 1690 683 1718 doctorum
710 1699 820 1728 opera,
847 1690 901 1728 qui
931 1690 1051 1728 scripta
1074 1694 1183 1719 vetera
1214 1693 1426 1718 monumenta
1456 1688 1632 1726 titulosque
1658 1697 1749 1717 36611»

211 1734 309 1763 ratius
331 1734 522 1772 perscrutati
540 1738 624 1769 sunt,
648 1734 705 1763 sed
729 1734 904 1773 praecipue
928 1734 1156 1763 effossionibus
1175 1734 1251 1763 inde
1273 1733 1314 1762 ab
1340 1744 1366 1762 a.
1394 1733 1477 1771 1870
1499 1732 1644 1771 plurimis
1670 1732 1750 1761 locis

211 1779 242 1807 in
272 1778 350 1807 urbe
376 1778 537 1807 institutis.
585 1778 677 1817 Opus
703 1779 798 1817 igitur
824 1778 877 1808 diu
904 1783 1130 1817 exspectatum
1156 1783 1255 1817 atque
1281 1778 1501 1807 desideratum
1532 1777 1572 1806 ab
1598 1777 1749 1806 omnibus

212 1822 329 1861 quibus
351 1822 550 1861 antiquitatis
568 1822 740 1852 Romanae
761 1823 868 1852 studia
890 1823 981 1852 cordi
999 1827 1073 1852 sunt
1090 1822 1287 1862 Rodulphus
1310 1822 1506 1852 Lancianius
1529 1822 1559 1850 in
1583 1821 1749 1860 publicum

212 1866 310 1896 edere
340 1877 443 1905 nuper
471 1877 643 1906 aggressus
674 1872 735 1904 est,
770 1867 908 1896 formam
943 1867 1067 1897 scilicet
1095 1868 1213 1897 veteris
1243 1876 1417 1906 novaeque
1446 1867 1574 1896 Romae
1606 1866 1749 1895 maximo

213 1910 348 1940 modulo
374 1916 551 1945 exaratam,
583 1922 680 1950 quam
710 1912 895 1951 primariam
926 1916 957 1941 et
982 1912 1127 1941 onmium
1154 1922 1238 1950 quae
1268 1916 1384 1950 postea
1410 1911 1548 1940 edentur
1573 1911 1749 1939 formarum

213 1955 460 1985 fundamentum
486 1955 624 1985 futurum
652 1965 724 1985 esse
748 1956 816 1985 iure
841 1955 1121 1995 pi·aedicaveris³¹'‘).

319 1999 411 2038 Opus
448 2004 557 2030 tamen
587 2010 605 2029 a
634 2000 813 2030 Lancianio
840 2006 994 2040 coeptum
1024 2001 1067 2030 ita
1097 2005 1223 2029 vastum
1254 2005 1316 2033 est.
1362 2005 1396 2029 ut
1426 1999 1562 2029 multum
1592 1999 1749 2038 temporis

213 2043 299 2073 elabi
324 2053 458 2073 11666556
483 2045 531 2078 sit,
562 2049 738 2083 antequam
769 2045 970 2074 absolvatur:
1002 2050 1033 2074 et
1057 2045 1083 2074 si
1107 2044 1284 2083 aliquando
1311 2043 1495 2074 absolutum
1522 2044 1590 2077 erit,
1616 2048 1750 2082 propter

213 2088 351 2127 pretium
377 2088 464 2117 haud
490 2089 644 2127 exiguum
670 2089 700 2118 in
726 2100 905 2128 paucorum
932 2099 1046 2119 manus
1072 2089 1251 2128 perveniet.
1299 2089 1470 2118 Praeterea
1499 2088 1693 2117 Lancianius
1719 2088 1749 2116 id

213 2133 418 2171 potissimum
436 2133 496 2162 sibi
518 2134 699 2172 proposuit,
727 2138 761 2162 ut
785 2134 901 2163 rudera
926 2134 993 2163 sive
1020 2134 1118 2163 hodie
1144 2134 1288 2163 extantia
1313 2134 1380 2163 sive
1398 2143 1415 2162 a
1434 2133 1543 2172 peritis
1569 2132 1751 2161 architectis

214 2176 292 2206 olim
310 2177 473 2207 delineata
489 2178 644 2216 graphice
663 2183 940 2217 repraesentaret:
967 2188 1050 2217 quae
1069 2178 1186 2207 rudera
1204 2188 1277 2207 cum
1296 2178 1337 2207 ad
1356 2178 1590 2216 imperatorum
1609 2181 1750 2205 aetatem

216 2221 281 2251 fere
311 2222 421 2250 omnia
450 2226 609 2260 spectent,
640 2223 671 2251 in
702 2222 869 2251 Lancianii
899 2222 1016 2251 tabulis
1046 2223 1178 2252 nomina
1208 2222 1368 2261 permulta
1399 2222 1566 2251 desideres
1596 2230 1680 2258 quae
1710 2220 1750 2248 ad

216 2266 436 2304 antiquiorum
459 2271 645 2305 temporum
672 2267 839 2296 historiam
863 2267 971 2305 magni
1000 2267 1158 2296 momenti
1180 2272 1253 2295 sunt
1271 2266 1311 2305 (v.
1331 2276 1415 2304 quae
1438 2265 1590 2304 exposuit
1608 2264 1751 2293 Huelsen

216 2309 327 2338 thein.
347 2309 432 2339 Illas.
455 2310 545 2347 1894,
571 2311 629 2348 381
651 2311 722 2350 sq).
753 2310 847 2349 Quae
873 2321 946 2340 cum
964 2311 1007 2340 ita
1032 2311 1104 2345 sint,
1132 2321 1196 2340 non
1220 2310 1364 2339 inutilem
1384 2319 1518 2348 operam
1545 2318 1604 2337 nos
1630 2309 1751 2347 impen-

218 2363 311 2382 suros
336 2363 407 2382 esse
432 2354 638 2389 credidimus,
665 2365 737 2383 cum
761 2355 858 2384 Urbis
879 2355 1007 2384 Romae
1033 2355 1185 2393 antiquae
1212 2354 1331 2383 formas
1353 2354 1383 2382 in
1409 2364 1500 2382 usum
1528 2362 1640 2382 eorum
1663 2362 1751 2391 prae<

219 2397 313 2435 cipue
338 2397 481 2426 virorum
500 2399 672 2427 doctorum
703 2399 757 2437 qui
786 2399 939 2428 historiae
976 2403 1007 2428 et
1044 2398 1155 2427 litteris
1183 2398 1343 2427 Romanis
1372 2398 1503 2426 student
1540 2396 1752 2426 delineandas

218 2450 413 2469 curaremus.
455 2441 567 2479 Itaque
591 2442 675 2471 urbis
693 2443 851 2481 imagines
873 2442 953 2471 duas
983 2442 1117 2471 alteram
1144 2442 1248 2480 qualis
1273 2442 1329 2471 suit
1347 2446 1421 2470 ante
1444 2441 1585 2480 Augusti
1611 2445 1752 2470 aetatem

219 2484 353 2514 alteram
391 2484 493 2523 qualis
530 2485 587 2514 fuit
623 2487 856 2524 imperatorum
892 2486 1095 2525 temporibus
1132 2491 1297 2524 separatas
1334 2496 1520 2524 proponere
1550 2486 1653 2514 visum
1691 2489 1752 2514 est:

325 2562 350 2593 *j
390 2564 469 2594 Operi
498 2564 646 2595 inscriptum
676 2569 726 2588 est:
759 2565 850 2587 forma
879 2565 953 2588 Urbis
978 2566 1083 2591 Romae:
1111 2565 1217 2588 consilio
1248 2569 1271 2588 et
1300 2565 1449 2588 auctoritate
1473 2565 1569 2595 Regiae
1598 2564 1754 2587 Academiae

219 2600 379 2629 Lynceorum
405 2599 511 2621 formam
532 2600 661 2622 dimensus
686 2603 723 2623 est
749 2604 773 2622 et
797 2600 829 2622 ad
848 2600 978 2623 modulum
1003 2607 1011 2623 1
1030 2609 1034 2623 z
1053 2607 1118 2624 1000
1139 2600 1274 2623 delineavit
1297 2600 1448 2630 Rodulphus
1468 2600 1590 2623 Lanciani
1614 2600 1753 2623 Romanus.

219 2634 367 2658 Mediolani.
389 2635 460 2657 Fasc.
478 2635 496 2657 Ι.
516 2635 588 2664 1893.
610 2635 640 2657 ΙΙ.
660 2636 732 2663 1894.
754 2636 797 2658 ΙΙΙ.
816 2635 889 2666 1895.
906 2650 936 2652 —
956 2638 1026 2666 “pus
1046 2636 1170 2666 integrum
1185 2636 1370 2666 complectetur
1384 2636 1485 2658 tabulas
1506 2636 1538 2664 46
1559 2636 1644 2666 magni
1659 2635 1754 2658 moduli

220 2671 264 2701 (m.
284 2669 474 2700 o‚90><0.oo‘l:
496 2678 559 2700 quae
585 2670 668 2693 adhue
693 2670 843 2702 prodierunt
858 2672 946 2702 (1—4·
969 2671 1062 2694 8—11.
1081 2671 1189 2701 15ἡ18.
1212 2677 1251 2701 23.
1268 2678 1308 2699 24.
1324 2678 1364 2701 30.
1380 2677 1420 2701 31.
1437 2677 1477 2701 32.
1493 2672 1545 2701 37),
1566 2675 1755 2702 repraesentant

219 2706 272 2764 {gre
292 2706 411 2767 regiones
432 2706 474 2728 III.
495 2706 536 2729 [V.
550 2707 580 2728 V.
595 2707 636 2728 VI.
652 2706 697 2729 VH
717 2710 742 2729 et
761 2710 859 2737 partem
879 2707 1104 2737 septentrionalem
1126 2707 1238 2737 regionis
1254 2707 1288 2729 IX
1309 2715 1334 2739 χ3
1354 2712 1428 2737 porta
1447 2707 1571 2729 Flaminia
1590 2707 1623 2729 ad
1644 2707 1754 2729 thermas

245 2749 378 2763 eroumnas
393 2758 398 2763 .
