2062 3101
953 299 995 302 —
1045 280 1090 311 X'I
1141 299 1184 302 ..-

304 382 474 417 utramque
497 382 605 408 autem
631 377 795 408 delineare
818 378 980 408 voluimus
1003 389 1040 408 ea
1063 379 1280 412 accuratione,
1308 382 1341 406 ut
1363 378 1545 407 novissimis
1567 378 1706 407 inventis
1728 382 1760 408 et
1781 378 1840 408 dis-

305 422 532 461 quisitionibus
549 423 779 462 respondeant.
822 422 904 453 Cum
923 433 1000 453 vero
1018 423 1157 452 recentis
1176 422 1261 450 urbis
1280 422 1516 461 ichnographia
1534 433 1597 452 una
1615 432 1688 452 cum
1707 423 1842 461 antiqua

304 472 519 506 proponatur,
555 477 783 506 quaecumque
817 473 893 506 post
927 468 1029 496 editas
1063 466 1189 495 tabulas
1223 471 1350 495 nostras
1384 476 1470 496 nova
1503 467 1717 505 reperientur,
1755 466 1841 496 sacili

304 511 438 550 negotio
463 512 644 541 inserentur
669 512 709 541 ab
735 512 780 541 eis
806 512 922 550 quibus
949 512 1028 540 haec
1054 511 1160 539 studia
1186 510 1277 539 cordi
1301 515 1384 539 sunt.

410 554 575 585 Laborem
601 557 774 585 coniuncta
804 566 904 594 opera
935 555 1077 594 aggressi
1107 555 1149 583 ita
1179 554 1385 593 perfecimus,
1427 560 1461 584 ut
1492 565 1532 585 ex
1557 554 1736 585 editoribus
1761 554 1842 585 alter

304 599 430 629 Romae
456 601 580 639 degens
604 600 730 629 tabulas
752 600 763 629 Ι
782 605 812 630 et
832 601 858 629 ΙΙ
883 600 1101 632 adumbraret,
1128 598 1209 628 alter
1233 599 1353 629 deinde
1378 599 1497 629 additis
1523 605 1554 629 et
1579 600 1733 629 correctis
1757 608 1841 639 quae

305 654 345 673 ex
375 654 407 673 re
438 644 626 674 viderentur
654 644 796 674 Berolini
830 644 955 673 tabulas
986 644 1015 672 in
1047 653 1119 672 eam
1148 643 1287 672 formam
1318 644 1494 683 redigeret,
1527 654 1625 683 quam
1650 645 1752 675 vides.
1805 645 1841 674 In

305 688 414 717 tabula
444 698 521 718 vero
551 689 657 722 tertia,
695 699 778 727 quae
809 689 911 727 inagis
942 698 1037 726 quam
1069 692 1196 717 ceterae
1225 688 1257 716 in
1287 687 1481 726 effingendis
1510 689 1733 718 aedificiorum
1764 689 1840 718 anti-

306 733 455 771 quiorum
481 733 722 772 ichnographiis
742 738 894 763 versatur.
922 733 1015 771 periti
1034 731 1201 761 architecti
1223 732 1414 771 adiumento
1440 743 1550 763 carere
1576 743 1641 763 non
1659 733 1840 772 potuimus;

305 787 378 806 eam
400 777 543 806 tabulam
561 777 687 806 Romae
710 778 901 806 moderante
926 776 1092 805 liuclseno
1117 775 1294 805 delineavit
1312 776 1447 806 Carolus
1464 777 1656 807 Vincentius
1673 778 1842 807 Rauscher

306 821 512 856 architectus,
539 822 629 851 cuius
653 832 794 860 gnaram
820 831 953 859 operam
981 821 1112 859 saepius
1137 820 1200 849 iam
1226 821 1352 859 experti
1378 826 1451 850 sunt
1476 822 1529 860 qui
1553 821 1724 851 Romanae
1750 827 1841 861 topo-

305 866 461 904 graphiae
479 866 620 895 student.

410 909 571 939 Aedificia
602 911 745 939 recentia
775 910 804 938 in
836 910 900 938 tab.
928 910 939 938 Ι
972 914 1004 938 et
1028 908 1057 938 II
1082 908 1318 938 delineavimus
1343 909 1523 938 secundum
1549 909 1687 939 sormam
1712 909 1843 949 publica

305 955 499 984 auctoritate
518 955 638 983 editam
656 954 784 983 Romae
803 964 828 982 a.
855 954 929 990 1891
959 952 1088 991 (Pianta
1113 952 1149 982 [Ii
1164 951 1269 982 Roma
1285 952 1449 992 publicata
1472 953 1552 983 dall’
1568 953 1711 983 bzstitzcto
1731 953 1842 984 Carlo-

300 998 424 1037 grafico
449 997 585 1027 ltaliam)
613 998 662 1028 col
675 998 853 1037 patrocinia
878 997 930 1026 del
956 996 1090 1026 Camune
1117 996 1153 1026 di
1175 996 1292 1032 Reum,-
1321 1002 1395 1027 sunt
1422 997 1498 1027 folia
1524 1003 1679 1037 quattuor
1707 998 1842 1028 modulo

265 1080 267 1082 Ι
310 1042 474 1082 116000),
511 1053 595 1081 quae
624 1042 700 1072 licet
730 1043 883 1072 mediocri
915 1042 1048 1071 artificio
1084 1041 1233 1071 confecta
1264 1043 1316 1075 sit,
1351 1047 1461 1071 tamen
1496 1053 1536 1072 eo
1566 1043 1698 1073 nomine
1728 1043 1844 1072 ceteris

307 1092 464 1126 praestat,
502 1088 591 1126 quod
622 1087 755 1116 modulo
789 1087 865 1115 satis
900 1096 1019 1125 magno
1049 1090 1157 1125 partes
1188 1086 1274 1115 urbis
1308 1096 1422 1115 recens
1452 1087 1683 1117 exaedificatas
1717 1097 1843 1126 reprae-

306 1136 422 1160 sentat.
470 1131 633 1161 Numeros
658 1131 773 1170 quibus
799 1131 935 1160 altitudo
961 1131 1109 1160 locorum
1131 1141 1229 1169 supra
1255 1141 1343 1160 mare
1366 1131 1572 1170 significatur,
1599 1132 1717 1171 partim
1743 1132 1843 1161 adsci-

307 1177 412 1205 vimus
438 1185 477 1205 ex
504 1177 630 1215 mappis
656 1176 750 1205 editis
775 1176 816 1204 ab
842 1176 888 1205 eis
914 1176 966 1213 qui
998 1175 1041 1204 rei
1072 1175 1199 1204 militari
1225 1174 1416 1215 praesunt*)
1441 1177 1558 1215 partim
1589 1186 1630 1205 ex
1655 1175 1738 1205 libro
1760 1175 1844 1205 Petri

307 1219 524 1259 Narduccissss)
550 1221 666 1259 partim
689 1230 730 1249 ex
758 1220 861 1249 forma
889 1220 1065 1253 Lancianii,
1091 1219 1134 1248 ad
1160 1224 1262 1249 metra
1284 1220 1409 1257 integra
1432 1230 1586 1250 numeros
1607 1229 1843 1259 usquequaque

308 1265 503 1303 redigentes.

414 1309 448 1338 In
471 1308 689 1338 describenda
712 1308 821 1337 tabula
844 1309 935 1337 tertia
958 1308 1120 1338 beneficio
1138 1307 1322 1338 Alexandri
1338 1308 1469 1338 Viviani
1486 1319 1516 1337 v.
1535 1318 1562 1338 c.
1581 1309 1625 1338 uti
1645 1309 1740 1338 nobis
1757 1309 1846 1338 licuit

310 1353 415 1382 forma
439 1353 525 1382 iussu
553 1353 717 1391 municipii
742 1358 873 1381 exarata
898 1353 956 1382 sed
982 1353 1013 1382 in
1038 1352 1205 1391 publicum
1236 1363 1301 1382 non
1327 1353 1427 1387 edita,
1466 1363 1550 1391 quae
1574 1353 1845 1392 ichnographiam

308 1397 384 1426 olim
409 1407 427 1426 a
450 1397 664 1426 censitoribus
687 1398 818 1426 urbanis
840 1397 1024 1426 confectam
1044 1394 1170 1438 (hiuma
1186 1396 1239 1426 del
1251 1395 1354 1439 censo)
1373 1407 1476 1436 usque
1499 1397 1540 1427 ad
1562 1402 1672 1427 nostra
1694 1402 1845 1436 tempora

308 1441 420 1480 explet
444 1447 476 1470 et
501 1442 669 1471 emendat:
699 1442 812 1470 urbem
838 1452 875 1470 ea
901 1446 1124 1480 repraesentat
1149 1443 1190 1471 ad
1215 1441 1384 1471 modulum
1415 1450 1451 1471 1:
1471 1449 1565 1472 2000.
1591 1442 1754 1471 Numeros
1778 1441 1844 1470 alti-

308 1486 457 1515 tudinum
484 1486 669 1515 addidimus
691 1486 742 1515 hic
768 1496 900 1524 qnoque
926 1496 966 1516 ex
985 1486 1113 1525 mappis
1138 1491 1205 1516 tam
1230 1486 1368 1525 publicis
1386 1496 1483 1525 quam
1501 1486 1737 1515 Narduccianis
1755 1486 1844 1525 (nam

309 1529 440 1559 tabulae
462 1540 481 1559 a
498 1530 677 1559 Lancianio
704 1531 810 1559 editae
836 1531 877 1560 ad
903 1530 987 1560 hanc
1012 1531 1180 1568 regionem
1206 1531 1261 1560 vix
1285 1531 1499 1570 perveniunt),
1526 1530 1679 1560 adhibitis
1704 1530 1756 1559 hic
1781 1529 1844 1559 illic

309 1575 405 1604 etiam
438 1575 769 1604 dimensurationibus
799 1575 1060 1609 architectorum,
1101 1575 1221 1604 Thonii
1251 1575 1459 1614 potissimum
1485 1575 1539 1614 qui
1564 1575 1684 1604 montis
1708 1574 1844 1604 Palatini

309 1619 566 1657 hypsometriam
584 1619 661 1648 satis
679 1624 827 1648 accurate
846 1619 1113 1658 repraesentavit.
1151 1618 1274 1649 Contra
1299 1625 1394 1649 caute
1419 1619 1577 1648 utendum
1603 1628 1675 1649 esse
1700 1619 1844 1648 numeris

309 1662 425 1701 quibus
439 1663 601 1701 Jordanus
626 1664 884 1702 hypsometriam
910 1669 976 1693 tam
1002 1663 1089 1693 urbis
1114 1664 1283 1693 universae
1309 1664 1383 1702 (vol.
1402 1664 1425 1698 I,
1449 1672 1459 1692 1
1482 1674 1513 1702 p.
1537 1663 1720 1703 132—135)
1746 1672 1844 1702 quam

309 1707 384 1736 Fori
410 1707 550 1736 Romani
575 1707 627 1745 (ib.
647 1708 668 1740 Ι,
695 1715 712 1736 2
731 1718 762 1746 p.
786 1708 845 1737 166
869 1708 931 1747 sq.)
957 1707 1134 1742 illustravit,
1161 1718 1236 1737 usus
1261 1707 1460 1748 tiOCiiitssss²³·').

415 1751 450 1781 In
475 1752 640 1790 signandis
670 1752 893 1782 aedificiorum
924 1753 1133 1791 antiquorum
1158 1753 1304 1792 vestigiis
1330 1753 1360 1782 in
1385 1752 1495 1782 tabula
1517 1751 1579 1781 Iet
1596 1752 1624 1782 II
1649 1761 1709 1791 pro
1734 1751 1845 1781 sunda—

310 1800 423 1825 mento
448 1796 628 1829 habuimus.
667 1802 699 1826 ut
725 1807 782 1835 par
807 1802 885 1833 erat,
911 1797 1079 1826 Lancianii
1104 1797 1257 1826 sormam:
1300 1802 1414 1827 contra
1439 1797 1470 1826 in
1495 1796 1605 1826 tabula
1630 1797 1733 1831 tertia,
1760 1805 1845 1834 quae

310 1840 538 1879 complectitur
562 1841 728 1879 regionem
754 1852 771 1870 a
798 1841 975 1870 Lancianio
1002 1841 1149 1871 nondum
1175 1842 1375 1880 descriptam
1407 1851 1447 1871 ex
1471 1841 1715 1879 ichnographiis
1739 1840 1845 1879 singu-

310 1884 414 1913 lorum
440 1884 661 1914 aedificiorum
684 1896 702 1914 a
720 1886 831 1924 peritis
856 1886 1040 1916 architectis
1065 1885 1304 1915 delineatorum
1330 1886 1472 1925 optimas
1497 1894 1644 1924 quasque
1668 1884 1845 1923 selegimus

310 1938 431 1966 easque
446 1928 569 1958 formae
584 1930 704 1958 recenti
719 1929 745 1967 (Ι
761 1939 766 1958 :
784 1930 890 1969 3000),
907 1931 996 1960 cuius
1010 1931 1111 1960 modo
1127 1931 1327 1960 mentionem
1346 1930 1489 1964 fecimus,
1509 1928 1842 1958 accommodavimus.

453 2007 478 2040 ι’6)
502 2008 577 2031 Carta
596 2008 658 2031 dello
673 2010 739 2031 State
752 2010 891 2039 illaggiare'
905 2010 996 2040 foglia,
1021 2016 1068 2039 149
1082 2009 1117 2033 IV
1137 2010 1178 2032 SO
1200 2008 1280 2042 (mod.
1299 2016 1306 2032 1
1325 2017 1330 2032 :
1347 2015 1454 2040 25.ooo;
1483 2012 1584 2040 praesto
1598 2008 1644 2031 fuit
1662 2008 1736 2031 etiam
1761 2007 1845 2030 tabula

310 2043 405 2074 publici
426 2044 486 2065 iuris
505 2051 556 2065 non
577 2044 643 2066 faeta
663 2045 730 2066 mod.
754 2051 762 2067 1
781 2053 785 2067 :
805 2044 917 2071 10‚000*¹.

436 2078 479 2109 ⁴⁵¹¹}
501 2079 537 2101 La
550 2079 693 2109 sogtmlnra
712 2080 776 2102 desso
791 2079 847 2102 ritliz
867 2081 894 2102 di
905 2081 990 2103 Roma.
1022 2081 1119 2103 Romae
1138 2080 1211 2109 1889,
1226 2078 1270 2109 4⁰:
1285 2080 1410 2103 accedunt
1425 2079 1524 2102 tabulae
1539 2078 1682 2109 quindecim
1702 2078 1747 2101 fol.
1780 2078 1845 2101 Mul-

311 2118 392 2137 torum
413 2114 528 2137 locorum
553 2114 709 2137 altitudinem
735 2116 759 2137 in
785 2124 877 2146 mappa
901 2116 1008 2142 adiecta,
1033 2116 1141 2146 plurium
1161 2115 1234 2139 etiam
1255 2116 1280 2138 in
1301 2115 1408 2138 elencho
1429 2115 1499 2147 (testa
1518 2122 1543 2145 p.
1565 2114 1697 2145 72—117)
1717 2114 1748 2136 ad
1768 2113 1846 2136 centi-

312 2154 417 2172 metrum
438 2157 517 2179 usque
538 2150 649 2179 signatas
668 2151 787 2181 reperies.
814 2152 968 2174 Altitudines
989 2159 1034 2174 eae
1052 2159 1103 2174 non
1121 2151 1264 2174 referuntur
1283 2151 1316 2174 ad
1330 2158 1425 2182 aequor
1444 2150 1527 2177 mariS,
1548 2150 1593 2172 sed
1607 2149 1640 2172 ad
1657 2149 1844 2179 hydrometrum

312 2185 438 2216 Ripettae.
464 2185 534 2207 euius
558 2186 606 2207 ima
632 2186 697 2208 linea
717 2194 793 2217 snpra
813 2195 881 2209 mare
902 2187 968 2210 elata
992 2191 1030 2210 est
1050 2195 1081 2209 m.
1102 2192 1176 2216 0,971
1201 2187 1352 2219 (seeundum
1372 2185 1537 2209 Betocchium
1560 2186 1586 2208 in
1606 2184 1763 2215 Alonegrajt'a
1781 2184 1846 2207 della

314 2220 370 2242 (illd
394 2221 421 2242 ali
440 2221 514 2242 Roma
536 2220 552 2246 l,
575 2226 643 2249 204).

419 2254 478 2288 ἢῆ)
499 2256 665 2278 Altiiudinum
680 2258 777 2279 numeri
791 2258 832 2287 qui
846 2258 978 2288 signantur
990 2258 1016 2280 in
1029 2258 1117 2280 tabula
1130 2257 1178 2280 fori
1191 2257 1300 2280 Romani
1314 2256 1374 2288 (vol.
1389 2257 1400 2280 I
1415 2261 1478 2287 part.
1494 2255 1520 2289 2)
1534 2256 1683 2282 referuntur,
1698 2259 1725 2278 ut
1742 2255 1847 2286 exponit

313 2291 404 2314 Matzat
429 2291 497 2321 apud
518 2291 658 2319 jordanum
682 2292 698 2317 I,
725 2299 736 2314 2
756 2301 779 2323 p.
802 2299 850 2323 313
871 2293 903 2316 ad
927 2301 1058 2316 mensuras
1078 2293 1225 2324 propositas
1249 2301 1263 2315 a
1283 2292 1433 2315 Devecchio
1455 2292 1580 2324 (ricerche
1600 2290 1764 2322 geometriche
1781 2291 1848 2322 salle

311 2326 377 2349 nella
390 2328 474 2348 scuola
488 2327 554 2357 degli
567 2327 702 2357 lngegneri
716 2329 839 2357 l‘unlificii
850 2328 906 2352 nell
921 2337 987 2351 amm
1001 2329 1086 2360 1820),
1107 2328 1148 2358 qui
1162 2329 1334 2359 pavimentum
1350 2328 1397 2351 sub
1411 2335 1469 2351 arcu
1484 2327 1539 2350 Titi‘
1547 2327 1633 2350 statuit
1646 2327 1722 2349 maris
1736 2333 1846 2356 aequore

312 2362 444 2384 sublimius
464 2370 520 2384 esse
541 2370 571 2384 m.
595 2366 679 2389 2‹).o(1.
717 2364 768 2385 Sed
787 2364 811 2386 in
832 2365 956 2394 camputis
974 2364 1027 2387 eius
1046 2371 1118 2387 error
1131 2363 1212 2387 subsit
1229 2371 1336 2386 necesse
1350 2367 1400 2386 est:
1421 2367 1470 2386 tam
1486 2363 1644 2386 Narduccius
1665 2369 1740 2392 quam
1755 2369 1847 2392 mappa

312 2397 426 2419 militaris
445 2397 524 2419 solum
544 2406 624 2427 prope
639 2398 788 2421 t'olosseum
809 2405 832 2422 et
852 2400 947 2422 Metam
961 2400 1099 2422 Sudantem
1118 2399 1218 2429 signant
1237 2399 1312 2421 altius
1326 2399 1388 2421 mari
1403 2407 1435 2422 m.
1452 2404 1482 2428 23
1497 2398 1536 2421 vel
1552 2404 1592 2426 24.
1612 2405 1686 2420 arcus
1700 2402 1782 2420 autem
1797 2397 1848 2419 Titi

312 2433 416 2462 crepido
435 2432 510 2454 altior
528 2437 565 2455 cst
584 2441 614 2455 m,
630 2433 687 2463 855
704 2435 842 2457 secundum
862 2435 1102 2458 dimensurationem
1120 2434 1336 2457 accuratissimam
1351 2434 1457 2459 Caristii.
1479 2434 1588 2464 ideoque
1607 2433 1672 2456 elata
1690 2440 1765 2463 supra
1779 2439 1848 2455 mare

313 2467 397 2490 metris
416 2468 470 2490 fere
485 2474 525 2497 32.
575 2469 597 2490 ls
611 2476 728 2491 uumerus
747 2478 832 2492 rursus
851 2470 910 2493 satis
924 2474 1055 2493 accuratus
1074 2470 1148 2493 nobis
1162 2470 1231 2492 visus
1249 2473 1286 2492 est
1304 2469 1509 2500 comparantibus
1526 2468 1729 2500 hypsographias
1743 2466 1848 2490 Palatini

313 2503 405 2525 montis
425 2511 439 2525 a
458 2503 558 2525 Thomu
579 2504 708 2527 confectas
741 2506 760 2526 ιζ’
773 2506 875 2535 palazzo
893 2507 934 2528 dei
953 2506 1041 2530 Cesar-i
1059 2506 1109 2529 tab.
1129 2505 1183 2537 111).
1225 2505 1292 2528 Inter
1311 2512 1397 2528 arcum
1416 2505 1482 2528 enim
1502 2505 1553 2527 Titi
1573 2508 1597 2527 et
1616 2503 1736 2534 reliquias
1755 2503 1848 2525 biblio-

313 2539 402 2561 thecae
424 2538 550 2561 Palatinae
576 2539 607 2561 ad
628 2540 651 2561 S.
672 2540 863 2563 Bnnaxenturae
884 2541 945 2564 sitas
965 2541 1104 2564 secundum
1124 2541 1251 2563 'rhomum
1271 2540 1396 2563 intersunt
1420 2544 1498 2563 metra
1523 2540 1576 2562 fere
1600 2539 1642 2562 18:
1662 2539 1744 2562 solum
1765 2542 1847 2560 autem

313 2580 402 2596 recens
427 2574 458 2596 ad
480 2582 511 2596 m.
532 2579 560 2603 51
584 2575 664 2597 attolli
684 2576 751 2597 iuxta
771 2577 795 2598 5.
816 2577 1019 2599 nonai-emunim
1040 2584 1132 2607 mappa
1156 2576 1273 2599 militaris
1297 2580 1410 2599 testatur.
1431 2590 1463 2592 —
1489 2575 1565 2605 Quod
1590 2574 1684 2597 deinde
1708 2574 1797 2596 attinet
1816 2572 1848 2595 ad

314 2609 434 2639 Capitolii
455 2609 671 2639 ichnographiam,
693 2611 820 2634 erroribus
841 2612 927 2634 nescio
948 2612 1039 2642 quibus
1056 2611 1283 2635 intervenientibus
1303 2619 1361 2634 area
1381 2619 1445 2642 quae
1465 2618 1531 2634 nunc
1550 2614 1589 2633 est
1607 2610 1633 2632 in
1654 2609 1737 2632 medio
1757 2607 1849 2630 montis

316 2645 413 2674 (piam-a
432 2644 471 2666 dcl
492 2644 663 2675 Caummegfio‘
688 2654 701 2667 a
721 2646 840 2669 Matzatio
860 2648 962 2677 ponitur
985 2655 1017 2670 m.
1036 2654 1068 2677 30
1087 2655 1164 2678 supra
1184 2654 1261 2675 mare,
1286 2654 1342 2669 cum
1363 2647 1455 2669 debeat
1475 2654 1531 2669 esse
1555 2653 1587 2668 m.
1601 2650 1642 2675 37.
1679 2643 1730 2667 Sed
1748 2643 1849 2673 sing-ula

314 2679 441 2709 exagitare
462 2679 534 2702 huius
555 2680 603 2702 loci
624 2688 672 2703 nun
694 2686 743 2704 est:
764 2681 790 2704 id
810 2690 884 2704 unum
905 2683 1034 2705 monuisse
1055 2683 1116 2705 satis
1135 2682 1266 2709 habemus,
1285 2690 1406 2705 numeros
1425 2682 1457 2704 ab
1476 2681 1519 2704 illo
1534 2687 1620 2704 errore
1639 2680 1764 2702 immunes
1785 2686 1849 2708 quos

315 2723 344 2738 ex
365 2714 537 2738 delineatione
558 2716 698 2738 Marchcttii
725 2717 866 2748 desumpsit
884 2718 1012 2745 jordanus
1033 2716 1070 2749 (p.
1094 2718 1141 2740 166
1161 2725 1186 2740 n.
1205 2724 1230 2745 4.
1251 2718 1275 2740 6.
1297 2723 1319 2747 7.
1340 2716 1367 2749 8)
1391 2721 1416 2740 et
1439 2717 1510 2747 ipsos
1529 2723 1579 2739 non
1603 2714 1693 2738 referri
1717 2714 1749 2736 ad
1773 2714 1848 2737 maris

314 2758 418 2780 aequor,
439 2750 484 2773 sed
505 2751 535 2772 ad
557 2750 647 2773 lincam
669 2752 778 2774 intimam
800 2752 953 2782 hydrmnetri
973 2757 1061 2783 portus
1080 2753 1197 2784 Ripettae
1218 2751 1251 2785 (v.
1273 2756 1358 2775 notam
1379 2749 1607 2782 praecedentem).
